@string { wikiTitle = "Wikipedia{,} Die freie Enzyklop√§die" }
@collection
  { wiki
  , title     = wikiTitle
  , booktitle = wikiTitle
  }

@incollection
  { wiki:BibTeX
  , crossref = "wiki"
  , title    = "BibTeX"
  , date     = "2019-11-10"
  , language = "german"
  , url      = "https://de.wikipedia.org/w/index.php"
             # "?title=BibTeX&oldid=193933491"
  , urldate  = "2021-01-05"
  }

@manual
  { btxdoc
  , title   = "\BibTeX{\normalfont ing}"
  , author  = "Oren Patashnik"
  , date    = "1988-02-08"
  , url     = "https://mirror.dogado.de/"
            # "tex-archive/biblio/bibtex/base/btxdoc.pdf"
  , urldate = "2021-01-16"
  }

@online
  { oracle:xsd-design-patterns
  , title        = "Introducing Design Patterns in XML Schemas"
  , journaltitle = "Java -- Technical Details"
  , author       = "Ayub Khan and Marina Sum"
  , date         = "2006-11-09"
  , language     = "en"
  , url          = "https://www.oracle.com/technical-resources/"
                 # "articles/java/design-patterns.html"
  , urldate      = "2021-01-25"
  }

@online
  { w3c-specification
  , organization = "World Wide Web Consortium"
  , language     = "english"
  }

@online
  { w3c:xml-1.0
  , crossref   = "w3c-specification"
  , title      = "Extensible Markup Language (XML) 1.0 (Fifth Edition)"
  , titleaddon = "W3C Recommendation 26 November 2008"
  , editor     = "Tim Bray and Jean Paoli and C. M. Sperberg-McQueen"
               # " and Eve Maler and Fran{\c{c}}ois Yergeau"
  , date       = "2008-11-26"
  , url        = "https://https://www.w3.org/TR/xml"
  , urldate    = "2021-01-28"
  }

@online
  { w3c:xml-namespaces
  , crossref   = "w3c-specification"
  , title      = "Namespaces in {XML} 1.0 (Third Edition)"
  , titleaddon = "W3C Recommendation 8 December 2009"
  , editor     = "Tim Bray and Dave Hollander and Adrew Layman"
               # " and Richard Tobin and Henry S. Thompson"
  , date       = "2009-12-08"
  , url        = "https://www.w3.org/TR/xml-names"
  , urldate    = "2021-01-28"
  }

@online
  { xmlsoft-org
  , title   = "The XML C parser and toolkit of Gnome"
  , url     = "http://www.xmlsoft.org"
  , urldate = "2021-01-29"
  }

@software
  { github-bibtex-xml
  , title  = "bibtex-xml"
  , author = "MarkusLeupold"
  , url    = "https://github.com/MarkusLeupold/bibtex-xml"
  , note   = "Das GitHub-Repository dieses Projekts"
  }